<?xml version="1.0" encoding="UTF-8"?><collection xmlns="http://www.loc.gov/MARC21/slim"><record><leader>00404nam--2200169-u-4500</leader><controlfield tag="001">000056431</controlfield><controlfield tag="002">20161230</controlfield><controlfield tag="005">20161230201052</controlfield><controlfield tag="008">151008s1000------------r-----000-0-rus-d</controlfield><datafield ind1=" " ind2=" " tag="040"><subfield code="a">IFIN-HH</subfield></datafield><datafield ind1=" " ind2=" " tag="041"><subfield code="a">rus</subfield></datafield><datafield ind1=" " ind2=" " tag="080"><subfield code="a">510/53</subfield></datafield><datafield ind1="1" ind2=" " tag="100"><subfield code="a">Kedrov, B.M</subfield></datafield><datafield ind1="1" ind2="0" tag="245"><subfield code="a">Prblemi logiki i metodologii nauki. izbrannie trudi</subfield><subfield code="c">B.m. kedrov</subfield></datafield><datafield ind1=" " ind2=" " tag="260"><subfield code="a">Moskva</subfield><subfield code="b">Nauka</subfield><subfield code="c">1990</subfield></datafield><datafield ind1=" " ind2=" " tag="300"><subfield code="a">345P</subfield></datafield><datafield ind1=" " ind2=" " tag="852"><subfield code="a">79468</subfield></datafield></record></collection>